@article{apel2010impact,
  title={The impact of incarceration on employment during the transition to adulthood},
  author={Apel, Robert and Sweeten, Gary},
  journal={Social problems},
  volume={57},
  number={3},
  pages={448--479},
  year={2010},
  publisher={Oxford University Press Oxford, UK}
}
@article{western2000effects,
  title={The effects of incarceration on wage growth},
  author={Western, Bruce and Pettit, Becky},
  journal={Journal of Criminal Law and Criminology},
  volume={90},
  number={4},
  pages={1234--1267},
  year={2000},
  publisher={Northwestern University}
}
@article{pager2003mark,
  title={The mark of a criminal record},
  author={Pager, Devah},
  journal={American Journal of Sociology},
  volume={108},
  number={5},
  pages={937--975},
  year={2003},
  publisher={University of Chicago Press}
}
@book{western2006punishment,
  title={Punishment and Inequality in America},
  author={Western, Bruce},
  year={2006},
  publisher={Russell Sage Foundation}
}
@article{rosenbaum1983central,
  title={The central role of the propensity score in observational studies for causal effects},
  author={Rosenbaum, Paul R and Rubin, Donald B},
  journal={Biometrika},
  volume={70},
  number={1},
  pages={41--55},
  year={1983},
  publisher={Oxford University Press}
}
@article{dehejia2002propensity,
  title={Propensity score-matching methods for nonexperimental causal studies},
  author={Dehejia, Rajeev H and Wahba, Sadek},
  journal={Review of Economics and Statistics},
  volume={84},
  number={1},
  pages={151--161},
  year={2002},
  publisher={MIT Press}
}
@article{smith2005does,
  title={Does matching overcome LaLonde's critique of nonexperimental estimators?},
  author={Smith, Jeffrey A and Todd, Petra E},
  journal={Journal of Econometrics},
  volume={125},
  number={1-2},
  pages={305--353},
  year={2005},
  publisher={Elsevier}
}
@article{hotchkiss2018effects,
  title={The effects of incarceration on labor market outcomes: an updated review},
  author={Hotchkiss, Julie L and Moore, Robert E},
  journal={Journal of Labor Research},
  volume={39},
  number={1},
  pages={64--85},
  year={2018},
  publisher={Springer}
}
